@mastersthesis{tfm,
    author = "Garc\'\i{}a-Peris, Miguel Angel",
    title = "{ProtoDUNE T-Gradient development and calibration}",
    reportNumber = "FERMILAB-MASTERS-2018-03",
    doi = "10.2172/1780813",
    school = "Valencia U.",
    month = "7",
    year = "2018"
}

@article{icarus,
    author = "Amerio, S. and others",
    collaboration = "ICARUS",
    title = "{Design, construction and tests of the ICARUS T600 detector}",
    doi = "10.1016/j.nima.2004.02.044",
    journal = "Nucl. Instrum. Meth. A",
    volume = "527",
    pages = "329--410",
    year = "2004"
}

@article{microboone,
    author = "Acciarri, R. and others",
    collaboration = "MicroBooNE",
    title = "{Design and Construction of the MicroBooNE Detector}",
    eprint = "1612.05824",
    archivePrefix = "arXiv",
    primaryClass = "physics.ins-det",
    reportNumber = "FERMILAB-PUB-16-613-ND",
    doi = "10.1088/1748-0221/12/02/P02017",
    journal = "JINST",
    volume = "12",
    number = "02",
    pages = "P02017",
    year = "2017"
}

@article{pdsp_1,
    author = "Abi, B. and others",
    collaboration = "DUNE",
    title = "{First results on ProtoDUNE-SP liquid argon time projection chamber performance from a beam test at the CERN Neutrino Platform}",
    eprint = "2007.06722",
    archivePrefix = "arXiv",
    primaryClass = "physics.ins-det",
    reportNumber = "FERMILAB-PUB-20-059-AD-ESH-LBNF-ND-SCD, CERN-EP-2020-125",
    doi = "10.1088/1748-0221/15/12/P12004",
    journal = "JINST",
    volume = "15",
    number = "12",
    pages = "P12004",
    year = "2020"
}

@article{pdsp_2,
    author = "Abud, A. Abed and others",
    collaboration = "DUNE",
    title = "{Design, construction and operation of the ProtoDUNE-SP Liquid Argon TPC}",
    eprint = "2108.01902",
    archivePrefix = "arXiv",
    primaryClass = "physics.ins-det",
    reportNumber = "FERMILAB-PUB-21-332-ND",
    doi = "10.1088/1748-0221/17/01/P01005",
    journal = "JINST",
    volume = "17",
    number = "01",
    pages = "P01005",
    year = "2022"
}

%misc{lakeshore,
%  author = {LakeShore},
%  title = {https://www.lakeshore.com/products/categories/overview/temperature-632},
%  url = {https://www.lakeshore.com/products/categories/overview/temperature-632},
%  urldate = {2022-10-01}
%}

@misc{axon,
  author = {Axon},
  title = {Axon custom cables},
  url = {https://www.axon-cable.com/en/00_home/00_start/00/index.aspx},
  note = {Last visited: 2022-10-01}
}

@misc{minco,
  author = {Minco},
  title = {Resistance Thermometry},
  url = {https://www.minco.com/wp-content/uploads/Resistance-Thermometry.pdf},
  note = {Last visited: 2023-05-18}
}

@misc{pt102,
  author = {LakeShore},
  title = {Platinum sensors applications},
  url = {https://www.lakeshore.com/products/categories/overview/temperature-products/cryogenic-temperature-sensors/platinum},
  note = {Last visited: 2023-05-18}
}

@misc{tempsens,
  author = {Tempsens},
  title = {RTD cables},
  url = {https://tempsens.com/catalog/cables-wires/rtd-triad-cables.html},
  note = {Last visited: 2024-03-15}
}

%\bibitem{CERNnuPl} CERN Neutrino Platform web page: \href{https://home.cern/science/experiments/cern-neutrino-platform}{https://home.cern/science/experiments/cern-neutrino-platform}

@article{35t_1,
    author = "Adams, D. L. and others",
    title = "{Design and performance of a 35-ton liquid argon time projection chamber as a prototype for future very large detectors}",
    eprint = "1912.08739",
    archivePrefix = "arXiv",
    primaryClass = "physics.ins-det",
    reportNumber = "FERMILAB-PUB-20-092-ND",
    doi = "10.1088/1748-0221/15/03/P03035",
    journal = "JINST",
    volume = "15",
    number = "03",
    pages = "P03035",
    year = "2020"
}

@inproceedings{35t_2,
    author = "Hahn, Alan and Adamowski, Mark and Montanari, David and Norris, Barry and Reichenbacher, Juergen and Rucinski, Russell and Stewart, James and Tope, Terry",
    collaboration = "LBNE",
    title = "{The LBNE 35 Ton Prototype Cryostat}",
    booktitle = "{2014 IEEE Nuclear Science Symposium and Medical Imaging Conference and 21st Symposium on Room-Temperature Semiconductor X-ray and Gamma-ray Detectors}",
    reportNumber = "FERMILAB-CONF-14-420-PPD",
    doi = "10.1109/NSSMIC.2014.7431158",
    month = "3",
    year = "2016"
}

%\bibitem{ls-pt102}  \href{https://www.lakeshore.com/products/categories/overview/temperature-products/cryogenic-temperature-sensors/platinum}

%\bibitem{axon}  \href{https://www.axon-cable.com}

%\bibitem{readout-lhc} MUX for LHC

%\bibitem{lakeshore-appE} Lakeshore temperature monitoring system: \\ \href{https://www.lakeshore.com/docs/default-source/temperature-catalog/lstc\_appendixe\_l.pdf}

%proceedings from protodune-sp. Allowed?
@article{PrMs, 
    author = "Xiao, Yiwen",
    collaboration = "DUNE",
    title = "{Purity monitoring for ProtoDUNE-SP}",
    doi = "10.1088/1742-6596/2156/1/012211",
    journal = "J. Phys. Conf. Ser.",
    volume = "2156",
    pages = "012211",
    year = "2021"
}

@article{pdsp_tdr,
    author = "Abi, B. and others",
    collaboration = "DUNE",
    title = "{The Single-Phase ProtoDUNE Technical Design Report}",
    eprint = "1706.07081",
    archivePrefix = "arXiv",
    primaryClass = "physics.ins-det",
    reportNumber = "FERMILAB-DESIGN-2017-02",
    month = "6",
    year = "2017"
}

@article{dune_tdr1,
    author = "Abi, Babak and others",
    collaboration = "DUNE",
    title = "{Deep Underground Neutrino Experiment (DUNE), Far Detector Technical Design Report, Volume I Introduction to DUNE}",
    eprint = "2002.02967",
    archivePrefix = "arXiv",
    primaryClass = "physics.ins-det",
    reportNumber = "FERMILAB-PUB-20-024-ND, FERMILAB-DESIGN-2020-01",
    doi = "10.1088/1748-0221/15/08/T08008",
    journal = "JINST",
    volume = "15",
    number = "08",
    pages = "T08008",
    year = "2020"
}

@article{bib:dune_tdr2,
    author = "Abi, Babak and others",
    collaboration = "DUNE",
    title = "{Deep Underground Neutrino Experiment (DUNE), Far Detector Technical Design Report, Volume II: DUNE Physics}",
    eprint = "2002.03005",
    archivePrefix = "arXiv",
    primaryClass = "hep-ex",
    reportNumber = "FERMILAB-PUB-20-025-ND, FERMILAB-DESIGN-2020-02",
    month = "2",
    year = "2020"
}

@article{dune_tdr4,
    author = "Abi, Babak and others",
    collaboration = "DUNE",
    title = "{Deep Underground Neutrino Experiment (DUNE), Far Detector Technical Design Report, Volume IV: Far Detector Single-phase Technology}",
    eprint = "2002.03010",
    archivePrefix = "arXiv",
    primaryClass = "physics.ins-det",
    reportNumber = "FERMILAB-PUB-20-027-ND, FERMILAB-DESIGN-2020-04",
    doi = "10.1088/1748-0221/15/08/T08010",
    journal = "JINST",
    volume = "15",
    number = "08",
    pages = "T08010",
    year = "2020"
}

@article{bib:dune_osc,
    author = "Abi, B. and others",
    collaboration = "DUNE",
    title = "{Long-baseline neutrino oscillation physics potential of the DUNE experiment}",
    eprint = "2006.16043",
    archivePrefix = "arXiv",
    primaryClass = "hep-ex",
    reportNumber = "FERMILAB-PUB-20-251-E-LBNF-ND-PIP2-SCD, PUB-20-251-E-LBNF-ND-PIP2-SCD",
    doi = "10.1140/epjc/s10052-020-08456-z",
    journal = "Eur. Phys. J. C",
    volume = "80",
    number = "10",
    pages = "978",
    year = "2020"
}


@article{bib:dune_bsm,
    author = "Abi, B. and others",
    collaboration = "DUNE",
    title = "{Prospects for beyond the Standard Model physics searches at the Deep Underground Neutrino Experiment}",
    eprint = "2008.12769",
    archivePrefix = "arXiv",
    primaryClass = "hep-ex",
    reportNumber = "FERMILAB-PUB-20-459-LBNF-ND, FERMILAB-PUB-20-459-LBNF-ND",
    doi = "10.1140/epjc/s10052-021-09007-w",
    journal = "Eur. Phys. J. C",
    volume = "81",
    number = "4",
    pages = "322",
    year = "2021"
}

@article{bib:dune_supernova,
    author = "Abi, B. and others",
    collaboration = "DUNE",
    title = "{Supernova neutrino burst detection with the Deep Underground Neutrino Experiment}",
    eprint = "2008.06647",
    archivePrefix = "arXiv",
    primaryClass = "hep-ex",
    reportNumber = "FERMILAB-PUB-20-380-LBNF, FERMILAB-PUB-20-380-LBNF",
    doi = "10.1140/epjc/s10052-021-09166-w",
    journal = "Eur. Phys. J. C",
    volume = "81",
    number = "5",
    pages = "423",
    year = "2021"
}


@article{icarus_lifetime,
    author = "Amoruso, S. and others",
    title = "{Analysis of the liquid argon purity in the ICARUS T600 TPC}",
    doi = "10.1016/j.nima.2003.07.043",
    journal = "Nucl. Instrum. Meth. A",
    volume = "516",
    pages = "68--79",
    year = "2004"
}

@article{MicroBooNE_cali,
    author = "Adams, C. and others",
    collaboration = "MicroBooNE",
    title = "{Calibration of the charge and energy loss per unit length of the MicroBooNE liquid argon time projection chamber using muons and protons}",
    eprint = "1907.11736",
    archivePrefix = "arXiv",
    primaryClass = "physics.ins-det",
    reportNumber = "FERMILAB-PUB-19-357-ND",
    doi = "10.1088/1748-0221/15/03/P03022",
    journal = "JINST",
    volume = "15",
    number = "03",
    pages = "P03022",
    year = "2020"
}

@article{lartpc_calibration,
    author = "Yang, Tingjun",
    title = "{Calibration of calorimetric measurement in a liquid argon time projection chamber}",
    eprint = "2012.01319",
    archivePrefix = "arXiv",
    primaryClass = "physics.ins-det",
    reportNumber = "FERMILAB-PUB-20-619-ND",
    doi = "10.3390/instruments5010002",
    journal = "Instruments",
    volume = "5",
    number = "1",
    pages = "2",
    year = "2020"
}

@article{lapd,
    author = "Adamowski, M. and others",
    title = "{The Liquid Argon Purity Demonstrator}",
    eprint = "1403.7236",
    archivePrefix = "arXiv",
    primaryClass = "physics.ins-det",
    reportNumber = "FERMILAB-PUB-14-059-E",
    doi = "10.1088/1748-0221/9/07/P07005",
    journal = "JINST",
    volume = "9",
    pages = "P07005",
    year = "2014"
}

@article{dynamic_tgm,
    author = "Dharmapalan, Ranjan",
    collaboration = "DUNE",
    title = "{Movable Thermometer System in ProtoDUNE}",
    eprint = "2012.10567",
    archivePrefix = "arXiv",
    primaryClass = "physics.ins-det",
    doi = "10.22323/1.390.0197",
    journal = "PoS",
    volume = "ICHEP2020",
    pages = "197",
    year = "2021"
}

@inproceedings{bib:multiplexing_board,
    author = "Chojnacki, E ",
    title = "{A Multiplexed RTD Temperature Map System for Multi-Cell SRF Cavities}",
    booktitle = "{SRF2009}",
    volume = "{TUPPO033}",
    pages = "232",
    year = "2009"
}

@misc{keithley,
  author = {Tektronix},
  title = {Keithley 2001 Digit High Performance Multimeter},
  url = {https://download.tek.com/datasheet/1KW-73954-1_2001-2002_DMM_Datasheet_080323.pdf},
  note = {Last visited: 2024-04-02}
}

@misc{compactrio,
  author = {National Instruments},
  title = {CompactRIO systems},
  url = {https://www.ni.com/es/shop/compactrio.html},
  note = {Last visited: 2024-04-02}
}

@misc{ni9238,
  author = {National Instruments},
  title = {NI-9238},
  url = {https://www.ni.com/es-es/shop/model/ni-9238.html},
  note = {Last visited: 2024-04-02}
}

@misc{xavier,
  author = {Burr-Brown application bulletin},
  title = {Implementation and applications of current sources and current receivers},
  url = {https://www.ti.com/lit/an/sboa046/sboa046.pdf?ts=1712062207089},
  note = {Last visited: 2024-04-02}
}

@misc{bib:idc4male,
  author = {Molex},
  title = {IDC-4 male connector},
  url = {https://www.molex.com/en-us/products/part-detail/0014562042?display=pdf},
  note = {Last visited: 2025-06-05}
}

@misc{bib:idc4female,
  author = {Molex},
  title = {IDC-4 female connector},
  url = {https://www.molex.com/en-us/products/part-detail/0015943043?display=pdf},
  note = {Last visited: 2025-06-05}
}